@MISC{ndk,
  author =       {{Národní digitální knihovna}},
  title =        "{Standardy pro obrazová data}",
  url =          "https://www.ndk.cz/standardy-digitalizace/standardy-pro-obrazova-data",
  note =         "[Online; navštíveno 14.01.2019]"
}  

@MISC{bl,
  author =       {{British Library}},
  title =        "{British Library JPEG 2000 profile}",
  url =          "http://www.digitizationguidelines.gov/still-image/documents/Martin.pdf",
  note =         "[Online; navštíveno 22.02.2019]"
}  

@MISC{al,
  author =       {{Bibliotheca Alexandrina}},
  title =        "{Wellcome Arabic Manuscripts Cataloguing Project}",
  url =          "https://wellcomelibrary.org/content/documents/22082/JPEG2000-preservation-format.pdf",
  note =         "[Online; navštíveno 22.02.2019]"
}  

@MISC{cong,
  author =       {{Library of Congress}},
  title =        "{JPEG 2000 Profile for the National Digital Newspaper Program}",
  url =          "http://www.loc.gov/ndnp/guidelines/docs/NDNP_JP2HistNewsProfile.pdf",
  note =         "[Online; navštíveno 03.03.2019]"
}  



@book{kniha,
  author    = {David S. Taubman, Michael W. Marcellin}, 
  title     = {Image Compression Fundamentals, Standards and Practice},
  publisher = {Springer Science+Business Media, LLC},
  year      = 2002,
  isbn      = {978-1-4613-5245-7}
}

@book{oko,
  author    = {E. Fred Schubert}, 
  title     = {Human eye sensitivity and photometric quantities},
  publisher = {Cambridge University Press},
  year      = 2006,
  isbn      = {0521865387}
}

@article{vlnkova,
  author  = {Elena Anisimova, Jan Bednář}, 
  title   = {Image processing using the wavelet transform},
  journal = {Elektrorevue},
  year    = 2013,
  number  = 4,
  volume  = 15,
  issn = {1213-1539}
}

@article{roi,
  author  = {Joel Askelöf, Mathias Larsson Carlander, Charilaos Christopoulos}, 
  title   = {Region of interest coding in JPEG 2000},
  journal = {Signal Processing: Image Communication},
  year    = 2002,
  number  = 1,
  volume  = 17,
  doi = {10.1016/S0923-5965(01)00026-1}
}

@article{qua, 
  author  = {Michael W.Marcellin, Margaret A.Lepley, Ali Bilgin}, 
  title   = {An overview of quantization in JPEG 2000},
  journal = {Signal Processing: Image Communication},
  year    = 2002,
  number  = 1,
  volume  = 17,
  doi = {10.1016/S0923-5965(01)00027-3}
}

@article{jpeg, 
  author  = {G.K. Wallace}, 
  title   = {The JPEG still picture compression standard},
  journal = {IEEE Transactions on Consumer Electronics},
  year    = 1992,
  number  = 1,
  volume  = 38,
  doi = {10.1109/30.125072},
  issn = {1558-4127}
}

@article{format, 
  author  = {J.Scott Houchin, David W. Singer}, 
  title   = {File format technology in JPEG 2000 enables flexible use of still and motion sequences},
  journal = {Signal Processing: Image Communication},
  year    = 2002,
  number  = 1,
  volume  = 17,
  doi = {10.1016/S0923-5965(01)00023-6},
}





@MISC{intro,
  author =       "Gaetano Impoco",
  title =        "{JPEG2000 - A Short Tutorial}",
  url =          "http://www.impoco.it/files/impoco_2004_tutorial_JPEG2000.pdf",
  note =         "[Online; navštíveno 5.10.2018]"
} 

@MISC{profile,
  author =       "Bernie Brower",
  title =        "{JPEG 2000 Profile}",
  url =          "http://www.gwg.nga.mil/ntb/2002SICS/10CompProf.PDF",
  note =         "[Online; navštíveno 5.10.2018]"
}  

@MISC{kakadu_docs,
  title =        "{Kakadu software}",
  url =          "http://kakadusoftware.com/documentation/",
  note =         "[Online; navštíveno 05.10.2018]"
}  

@MISC{open_docs,
  title =        "OpenJPEG",
  url =          "https://www.openjpeg.org",
  note =         "[Online; navštíveno 05.10.2018]"
}  




@article{ebcot,
  author  = "S-Medouakh , Z-E. Baarir", 
  title   = "Entropy Encoding EBCOT (Embedded Block Coding with Optimized Truncation) In JPEG2000",
  journal = "IJCSI International Journal of Computer Science",
  year    = 2011,
  number  = 4,
  volume  = 8,
  issn = {1694-0814}
}






Image Compression Fundamentals,
Standards and Practice